%@article {lilalu,
%		author = {Lilalu, Lo and Lolale, Li},
%		title = {Colors in the rainbow},
%		journal = {Journal of Geophysical Research: Oceans},
%		volume = {0815},
%		number = {12345},
%		issn = {2156-2202},
%		doi = {10.1039/2016JC192757},
%		keywords = {colors, rainbow},
%		year = {2016}
%	}

@book{UGPS,
  title={Understanding GPS: principles and applications},
  author={Kaplan, Elliott and Hegarty, Christopher},
  year={2005},
  publisher={Artech house}
}

@article {Trquickstart,
		author = {GÃ¶lles, T.},
		title = {Trimble GNSS quick-start manual},
		journal = {University Center of Svalbard},
		year = {2012}
	}
	
@article {Truserguide,
		author = "{Trimble Navigation Limited}",
		title = {Trimble R8 GNSS, and R6, R4, and 5800 Model 3 GPS Receivers User Guide},
		journal = {Trimble},
		year = {2009}
	}
	
@article{churcherdgps,
  title={Differential global positioning system},
  author={Churcher, Bradley},
  year={2011},
  publisher={Murdoch University}
}

@article{Trprocess,
  title={Trimble HD-GNSS processing},
  author= "{Trimble Survey division}",
  year={2012},
  publisher={Trimble}
}


@article{Nye1952,
  title={The Mechanics of Glacier Flow},
  author= "{J. F. Nye}",
  year={1952},
  publisher={Journal of Glaciology}
}

@article{Glen1955,
  title={The creep of polycrystalline ice},
  author= "{J. W. Glen}",
  year={1955},
  publisher={The Royal Society}
}

@book{Greve2009,
  title={Dynamics of Ice Sheets and Glaciers},
  author={Ralf Greve, Heinz Blatter},
  year={2009},
  publisher={Springer}
}

@book{Cuffey2010,
  title={The Physics of Glaciers},
  author={K. M. Cuffey, W. S. B. Paterson},
  year={2010},
  publisher={Elsevier}
}
