@article {lilalu,
		author = {Lilalu, Lo and Lolale, Li},
		title = {Colors in the rainbow},
		journal = {Journal of Geophysical Research: Oceans},
		volume = {0815},
		number = {12345},
		issn = {2156-2202},
		doi = {10.1039/2016JC192757},
		keywords = {colors, rainbow},
		year = {2016}
	}