@article {cottier,
author = {Cottier, Finlo and Tverberg, Vigdis and Inall, Mark and Svendsen, Harald and Nilsen, Frank and Griffiths, Colin},
title = {Water mass modification in an Arctic fjord through cross-shelf exchange: The seasonal hydrography of Kongsfjorden, Svalbard},
journal = {Journal of Geophysical Research: Oceans},
volume = {110},
number = {C12},
issn = {2156-2202},
doi = {10.1029/2004JC002757},
keywords = {Arctic, fjord, exchange},
year = {2005},
}
@INPROCEEDINGS{harms,
author={Harms, A.A.P. and Tverberg, V. and Svendsen, H.},
booktitle={OCEANS 2007 - Europe},
title={Physical Qualification and Quantification of the Water Masses in the Kongsfjorden-Krossfjorden System Cross Section},
year={2007},
pages={1-6},
keywords={oceanography;seawater;Atlantic Water;Eknian drift;Kongsfjorden-Krossfjorden system;Kongsfjordrenna;Spitsbergen northwest coast;West Spitsbergen Current;Winter Cooled Water;continental shelf slope;downwelling;fjord system;fresh water content;horizontal pressure gradient;marine ecosystem;melt water;microbial production;pelagic food web;river runoff;sea ice concentration;seabirds;seawater exchange;upwelling;water masses;zooplankton production;Area measurement;Ecosystems;Production;Qualifications;Rivers;Sea ice;Sea measurements;Sea surface;Volume measurement;Water conservation;Arctic oceanography;Coastal circulation;Fjordshelf exchange},
doi={10.1109/OCEANSE.2007.4302332},
}
﻿@article {svendsen,
author = {Svendsen, Harald and Beszczynska-M{\o}ller, Agnieszka and Hagen, Jon Ove and Lefauconnier, Bernard and Tverberg, Vigdis and Gerland, Sebastian and {\O}rb{\o}k, Jon B{\o}rre and Bischof, Kai and Papucci, Carlo and Zajaczkowski, Marek and Azzolini, Roberto and Bruland, Oddbj{\o}rn and Wiencke, Christian and Winther, Jan-Gunnar and Dallmann, Winfried},
title = {The physical environment of Kongsfjorden-Krossfjorden, an Arctic fjord system in Svalbard},
journal = {Polar Research},
volume = {21},
number = {1},
publisher = {Blackwell Publishing Ltd},
issn = {1751-8369},
doi = {10.1111/j.1751-8369.2002.tb00072.x},
pages = {133--166},
year = {2002},
}
@INPROCEEDINGS{AGF2012,
author={Vindenes, H{\aa}rvard},
booktitle={Polar Ocean Climate (AGF-214) Field Report 2012 },
title={Current- and hydrographic time series in Kongsfjorden},
year={2012},
pages={143-153},
}
@INPROCEEDINGS{AGF2011,
author={Kristiansen, Mari Fenn},
booktitle={Polar Ocean Climate (AGF-214) Field Report 2011},
title={Current- and Hydrographic time series in Kongsfjorden},
year={2012},
pages={145-152},
}
@INPROCEEDINGS{AGF2008,
author={Kanstad, Rasmus},
booktitle={Polar Ocean Climate (AGF-214) Field Report 2008},
title={One year current, salinity and temperature time series in Kongsfjorden, Svalbard},
year={2008},
pages={115-120},
}
﻿@article {asplin,
author = {Asplin, Lars},
title = {Introduction to fjord and coastal ocean dynamics},
year = {2003},
}
@article{icecover,
author={{Meteorologisk institutt}},
title={Svalbard - high resolution ice chart},
month=aug,
year={2013},
url={http://157.249.32.242/archive/},
}
@article{ttide,
title = "Classical tidal harmonic analysis including error estimates in MATLAB using T\_TIDE ",
journal = "Computers \emph Geosciences ",
volume = "28",
number = "8",
pages = "929 - 937",
year = "2002",
note = "",
doi = "http://dx.doi.org/10.1016/S0098-3004(02)00013-4",
author = "Rich Pawlowicz and Bob Beardsley and Steve Lentz",
}
