@article{vihma2012characteristics,
  title={Characteristics of temperature and humidity inversions and low-level jets over Svalbard fjords in spring},
  author={Vihma, Timo and Kilpel{\"a}inen, Tiina and Manninen, Miina and Sj{\"o}blom, Anna and Jakobson, Erko and Palo, Timo and Jaagus, Jaak and Maturilli, Marion},
  journal={Advances in Meteorology},
  volume={2011},
  year={2011},
  publisher={Hindawi Publishing Corporation}
}

@article{sjoblom2010ABL,
  title={The Ice-Atmosphere Boundary Layer},
  author={Anna Sj\"oblom},
  year={2010},
  publisher={The University Centre in Svalbard (UNIS)}
}

@book{holton2012,
  title={An introduction to dynamic meteorology},
  author={Holton, James R and Hakim, Gregory J},
  volume={88},
  year={2004},
  publisher={Academic press}
}
@book{stull1988,
  title={An introduction to boundary layer meteorology},
  author={Stull, Roland B},
  volume={13},
  year={1988},
  publisher={Springer Science \& Business Media}
}

@book{vaisala2007,
  title={Vaisala TT12 Tethersonde system - Shortform Manual},
  author={Tor de Lange},
  volume={},
  year={2007},
  publisher={Geophysical Institute, University of Bergen}
}
@book{burroughs1991,
  title={Watching the world's weather},
  author={Burroughs, William James},
  year={1991},
  publisher={Cambridge University Press}
}
@article{friehe1976,
  title={Parameterization of air-sea interface fluxes of sensible heat and moisture by the bulk aerodynamic formulas},
  author={Friehe, Carl A and Schmitt, Kurt F},
  journal={Journal of Physical Oceanography},
  volume={6},
  number={6},
  pages={801--809},
  year={1976}
}

@article{neiman2006,
  title={A multiwinter analysis of channeled flow through a prominent gap along the northern California coast during CALJET and PACJET},
  author={Neiman, Paul J and Ralph, F Martin and White, Allen B and Parrish, David D and Holloway, John S and Bartels, Diana L},
  journal={Monthly weather review},
  volume={134},
  number={7},
  pages={1815--1841},
  year={2006}
}
@article{colman1992,
  title={The Taku wind of southeast Alaska: Its identification and prediction},
  author={Colman, Bradley R and Dierking, Carl F},
  journal={Weather and forecasting},
  volume={7},
  number={1},
  pages={49--64},
  year={1992}
}
